<record><leader>00000cas a22000007a 4500</leader><controlfield tag="001">9946649</controlfield><controlfield tag="008">830924d190119uunyuwr ne      0    0eng d</controlfield><datafield ind1=" " ind2=" " tag="010"><subfield code="a">sn 83031650 </subfield></datafield><datafield ind1=" " ind2=" " tag="040"><subfield code="a">NPU</subfield><subfield code="b">eng</subfield><subfield code="c">NPU</subfield><subfield code="d">NYG</subfield><subfield code="d">NYS</subfield><subfield code="d">OCLCQ</subfield></datafield><datafield ind1=" " ind2=" " tag="042"><subfield code="a">msc</subfield></datafield><datafield ind1="0" ind2="0" tag="245"><subfield code="a">Patterson weekly news.</subfield></datafield><datafield ind1=" " ind2=" " tag="260"><subfield code="a">Patterson, Putnam County, N.Y. :</subfield><subfield code="b">G.S. Williams</subfield></datafield><datafield ind1=" " ind2=" " tag="300"><subfield code="a">v. :</subfield><subfield code="b">ill. ;</subfield><subfield code="c">55 cm.</subfield></datafield><datafield ind1=" " ind2=" " tag="310"><subfield code="a">Weekly</subfield></datafield><datafield ind1="1" ind2=" " tag="362"><subfield code="a">Began in 1901.</subfield><subfield code="z">Cf. Ayer, 1918.</subfield></datafield><datafield ind1=" " ind2=" " tag="500"><subfield code="a">"A weekly journal devoted to the local news of Patterson and vicinity and the general news."</subfield></datafield><datafield ind1=" " ind2=" " tag="588"><subfield code="a">Description based on: Vol. 10, no. 24 (Oct. 20, 1910).</subfield></datafield><datafield ind1=" " ind2="4" tag="651"><subfield code="a">Patterson (N.Y.)</subfield><subfield code="v">Newspapers.</subfield></datafield><datafield ind1=" " ind2=" " tag="752"><subfield code="a">United States</subfield><subfield code="b">New York</subfield><subfield code="c">Putnam</subfield><subfield code="d">Patterson.</subfield></datafield><datafield ind1="0" ind2="0" tag="785"><subfield code="t">Pawling-Patterson news</subfield><subfield code="w">(DLC)sn8900071113</subfield></datafield></record>